<record><leader>00000cas a22000007a 4500</leader><controlfield tag="001">31019039</controlfield><controlfield tag="008">940826d19041905okuwr ne      0    0eng d</controlfield><datafield ind1=" " ind2=" " tag="010"><subfield code="a">sn 94058951 </subfield></datafield><datafield ind1=" " ind2=" " tag="040"><subfield code="a">OBN</subfield><subfield code="b">eng</subfield><subfield code="c">OBN</subfield><subfield code="d">OCL</subfield><subfield code="d">OCLCQ</subfield><subfield code="d">OCLCO</subfield></datafield><datafield ind1="1" ind2=" " tag="029"><subfield code="a">AU@</subfield><subfield code="b">000011230359</subfield></datafield><datafield ind1=" " ind2=" " tag="042"><subfield code="a">msc</subfield></datafield><datafield ind1=" " ind2=" " tag="043"><subfield code="a">n-us-ok</subfield><subfield code="a">n-us-ks</subfield></datafield><datafield ind1="0" ind2="4" tag="245"><subfield code="a">The Tri-County index.</subfield></datafield><datafield ind1="3" ind2="0" tag="246"><subfield code="a">Waldron index</subfield></datafield><datafield ind1=" " ind2=" " tag="260"><subfield code="a">Manchester, Okla. :</subfield><subfield code="b">Wood &amp; Miller</subfield></datafield><datafield ind1=" " ind2=" " tag="300"><subfield code="a">v.</subfield></datafield><datafield ind1=" " ind2=" " tag="310"><subfield code="a">Weekly</subfield></datafield><datafield ind1="0" ind2=" " tag="362"><subfield code="a">Vol. 2, no. 16 (July 8, 1904)-v. 2, no. 43 (Jan. 20, 1905).</subfield></datafield><datafield ind1=" " ind2=" " tag="500"><subfield code="a">Includes suppl. called The Waldron index Vol. 1, no. 1 (Nov. 11, 1904)--v. 1 #4 (Dec. 2, 1904).</subfield></datafield><datafield ind1=" " ind2="0" tag="651"><subfield code="a">Manchester (Okla.)</subfield><subfield code="v">Newspapers.</subfield></datafield><datafield ind1=" " ind2="0" tag="651"><subfield code="a">Grant County (Okla.)</subfield><subfield code="v">Newspapers.</subfield></datafield><datafield ind1=" " ind2="0" tag="651"><subfield code="a">Waldron (Kan.)</subfield><subfield code="v">Newspapers.</subfield></datafield><datafield ind1=" " ind2="0" tag="651"><subfield code="a">Woods County (Kan.)</subfield><subfield code="v">Newspapers.</subfield></datafield><datafield ind1=" " ind2=" " tag="752"><subfield code="a">United States</subfield><subfield code="b">Oklahoma</subfield><subfield code="c">Grant</subfield><subfield code="d">Manchester.</subfield></datafield><datafield ind1=" " ind2=" " tag="752"><subfield code="a">United States</subfield><subfield code="b">Kansas</subfield><subfield code="c">Woods</subfield><subfield code="d">Waldron.</subfield></datafield><datafield ind1="0" ind2="0" tag="780"><subfield code="t">Farmers union</subfield></datafield><datafield ind1="0" ind2="4" tag="785"><subfield code="t">Medford star</subfield><subfield code="w">(DLC)sn 94058970</subfield><subfield code="w">(OCoLC)31029611</subfield></datafield></record>